@Article{Groisman2022,
  author    = {Pablo Groisman and Matthieu Jonckheere and Facundo Sapienza},
  journal   = {Bernoulli},
  title     = {Nonhomogeneous Euclidean first-passage percolation and distance learning},
  year      = {2022},
  month     = {feb},
  number    = {1},
  volume    = {28},
  doi       = {10.3150/21-bej1341},
  publisher = {Bernoulli Society for Mathematical Statistics and Probability},
}

@Article{Bengio2013,
  author    = {Y. Bengio and A. Courville and P. Vincent},
  journal   = {{IEEE} Transactions on Pattern Analysis and Machine Intelligence},
  title     = {Representation Learning: A Review and New Perspectives},
  year      = {2013},
  month     = {aug},
  number    = {8},
  pages     = {1798--1828},
  volume    = {35},
  doi       = {10.1109/tpami.2013.50},
  publisher = {Institute of Electrical and Electronics Engineers ({IEEE})},
}

@Article{Pelletier2005,
  author    = {Bruno Pelletier},
  journal   = {Statistics {\&} Probability Letters},
  title     = {Kernel density estimation on Riemannian manifolds},
  year      = {2005},
  month     = {jul},
  number    = {3},
  pages     = {297--304},
  volume    = {73},
  doi       = {10.1016/j.spl.2005.04.004},
  publisher = {Elsevier {BV}},
}

@Article{Henry2009,
  author    = {Guillermo Henry and Daniela Rodriguez},
  journal   = {Journal of Mathematical Imaging and Vision},
  title     = {Kernel Density Estimation on Riemannian Manifolds: Asymptotic Results},
  year      = {2009},
  month     = {feb},
  number    = {3},
  pages     = {235--239},
  volume    = {34},
  doi       = {10.1007/s10851-009-0145-2},
  publisher = {Springer Science and Business Media {LLC}},
}

@Article{Mckenzie2019,
  author        = {Daniel Mckenzie and Steven Damelin},
  title         = {Power Weighted Shortest Paths for Clustering Euclidean Data},
  year          = {2019},
  month         = may,
  abstract      = {We study the use of power weighted shortest path distance functions for clustering high dimensional Euclidean data, under the assumption that the data is drawn from a collection of disjoint low dimensional manifolds. We argue, theoretically and experimentally, that this leads to higher clustering accuracy. We also present a fast algorithm for computing these distances.},
  archiveprefix = {arXiv},
  eprint        = {1905.13345},
  file          = {:http\://arxiv.org/pdf/1905.13345v3:PDF},
  keywords      = {cs.LG, stat.ML, 05C85, 05C80, I.5.3},
  primaryclass  = {cs.LG},
}

@Article{Little2022,
  author    = {Anna Little and Daniel McKenzie and James M. Murphy},
  journal   = {{SIAM} Journal on Mathematics of Data Science},
  title     = {Balancing Geometry and Density: Path Distances on High-Dimensional Data},
  year      = {2022},
  month     = {jan},
  number    = {1},
  pages     = {72--99},
  volume    = {4},
  doi       = {10.1137/20m1386657},
  publisher = {Society for Industrial {\&} Applied Mathematics ({SIAM})},
}

@InProceedings{Sapienza2018,
  author = {Facundo Sapienza and Pablo Groisman and Matthieu Jonckheere},
  title  = {Weighted Geodesic Distance Following Fermat's Principle},
  year   = {2018},
  url    = {https://openreview.net/forum?id=BJfaMIJwG},
}

@Book{Hastie2009,
  author    = {Hastie, Trevor and Tibshirani, Robert and Friedman, Jerome},
  publisher = {Springer London, Limited},
  title     = {Elements of Statistical Learning Data Mining, Inference, and Prediction},
  year      = {2009},
  isbn      = {9780387216065},
  subtitle  = {Data Mining, Inference, and Prediction},
}

@Article{Tenenbaum2000,
  author    = {Joshua B. Tenenbaum and Vin de Silva and John C. Langford},
  journal   = {Science},
  title     = {A Global Geometric Framework for Nonlinear Dimensionality Reduction},
  year      = {2000},
  month     = {dec},
  number    = {5500},
  pages     = {2319--2323},
  volume    = {290},
  doi       = {10.1126/science.290.5500.2319},
  publisher = {American Association for the Advancement of Science ({AAAS})},
}

@Comment{jabref-meta: databaseType:bibtex;}
